@Book{gauss_proc,
author = {{Rasmussen, C.E.} {Williams, C. K. I.}},
title = {Gaussian Process for Machine Learning},
publisher = {the MIT Press},
year = {2006},
}

